<record><leader>00000cas a2200000 a 4500</leader><controlfield tag="001">13173765</controlfield><controlfield tag="008">860220u1875uuuumeuwr ne      0    0eng d</controlfield><datafield ind1=" " ind2=" " tag="010"><subfield code="a">sn 86063261 </subfield></datafield><datafield ind1=" " ind2=" " tag="040"><subfield code="a">KSH</subfield><subfield code="b">eng</subfield><subfield code="c">KSH</subfield><subfield code="d">NPT</subfield><subfield code="d">OCL</subfield><subfield code="d">OCLCQ</subfield></datafield><datafield ind1=" " ind2=" " tag="042"><subfield code="a">msc</subfield></datafield><datafield ind1="0" ind2="0" tag="245"><subfield code="a">Oxford register &amp; advertiser.</subfield></datafield><datafield ind1="3" ind2="0" tag="246"><subfield code="a">Oxford register and advertiser</subfield></datafield><datafield ind1=" " ind2=" " tag="260"><subfield code="a">Norway, Me. :</subfield><subfield code="b">Drake &amp; Whitman</subfield></datafield><datafield ind1=" " ind2=" " tag="300"><subfield code="a">v. ;</subfield><subfield code="c">61 cm.</subfield></datafield><datafield ind1=" " ind2=" " tag="310"><subfield code="a">Weekly</subfield></datafield><datafield ind1="1" ind2=" " tag="362"><subfield code="a">Began in Nov. 1875.</subfield></datafield><datafield ind1=" " ind2=" " tag="588"><subfield code="a">Description based on: Vol. 7, no. 46 (Nov. 18, 1875).</subfield></datafield><datafield ind1=" " ind2=" " tag="752"><subfield code="a">United States</subfield><subfield code="b">Maine</subfield><subfield code="c">Oxford</subfield><subfield code="d">Norway.</subfield></datafield><datafield ind1="0" ind2="4" tag="780"><subfield code="t">Oxford register</subfield><subfield code="w">(DLC)sn 84022527</subfield></datafield><datafield ind1="0" ind2="4" tag="780"><subfield code="t">Norway advertiser (Norway, Me. : 1872)</subfield><subfield code="w">(DLC)sn 84022526</subfield></datafield><datafield ind1="1" ind2=" " tag="029"><subfield code="a">AU@</subfield><subfield code="b">000022167656</subfield></datafield></record>